@article{Sokal1996,
  title={Transgressing the boundaries: {Toward} a transformative hermeneutics of quantum gravity},
  author={Sokal, Alan D},
  journal={Social text},
  number={46/47},
  pages={217--252},
  year={1996},
  publisher={JSTOR}
}

@book{GastelDay2016,
  title={How to write and publish a scientific paper},
  author={Gastel, Barbara and Day, Robert A},
  year={2016},
  publisher={ABC-CLIO}
}

@inproceedings{Cormode2012,
  title={Scienceography: the study of how science is written},
  author={Cormode, Graham and Muthukrishnan, Shanmugavelayutham and Yan, Jinyun},
  booktitle={International Conference on Fun with Algorithms},
  pages={379--391},
  year={2012},
  organization={Springer}
}
